<record><leader>00000cas a22000007a 4500</leader><controlfield tag="001">16261540</controlfield><controlfield tag="008">870721d18561857njuwr ne      0    0eng d</controlfield><datafield ind1=" " ind2=" " tag="010"><subfield code="a">sn 87068086 </subfield></datafield><datafield ind1=" " ind2=" " tag="040"><subfield code="a">NJW</subfield><subfield code="b">eng</subfield><subfield code="c">NJW</subfield><subfield code="d">OCLCQ</subfield></datafield><datafield ind1=" " ind2=" " tag="042"><subfield code="a">msc</subfield></datafield><datafield ind1="0" ind2="0" tag="245"><subfield code="a">Independent Democrat, and Paterson intelligencer.</subfield></datafield><datafield ind1="3" ind2="0" tag="246"><subfield code="a">Independent Democrat</subfield></datafield><datafield ind1=" " ind2=" " tag="260"><subfield code="a">Paterson, N.J. :</subfield><subfield code="b">Woodruff &amp; Warren,</subfield><subfield code="c">1856-1857.</subfield></datafield><datafield ind1=" " ind2=" " tag="310"><subfield code="a">Weekly</subfield></datafield><datafield ind1="0" ind2=" " tag="362"><subfield code="a">Vol. 1, no. 1 (Aug. 27, 1856)-no. 25 (Feb. 18, 1857).</subfield></datafield><datafield ind1=" " ind2=" " tag="500"><subfield code="a">Published by H.C. Reynolds, Nov. 26, 1856-Feb. 18, 1857.</subfield></datafield><datafield ind1=" " ind2=" " tag="515"><subfield code="a">Issue for Sept 3, 1856 misnumbered v. 1, no. 1, but constitutes v. 1, no. 2.</subfield></datafield><datafield ind1=" " ind2=" " tag="752"><subfield code="a">United States</subfield><subfield code="b">New Jersey</subfield><subfield code="c">Passaic</subfield><subfield code="d">Paterson.</subfield></datafield><datafield ind1="0" ind2="0" tag="780"><subfield code="t">Paterson intelligencer</subfield><subfield code="w">(DLC)sn 84020523</subfield><subfield code="w">(OCoLC)11013806</subfield></datafield><datafield ind1="0" ind2="0" tag="785"><subfield code="t">American Democrat and New Jersey intelligencer</subfield><subfield code="w">(DLC)sn 87068036</subfield></datafield></record>